<?xml version="1.0" encoding="UTF-8"?><collection xmlns="http://www.loc.gov/MARC21/slim"><record><leader>00437nam--2200133-i-4500</leader><controlfield tag="001">000004761</controlfield><controlfield tag="002">20161230</controlfield><controlfield tag="005">20161230201026</controlfield><controlfield tag="008">060222s1000------------r-----000-0-eng-d</controlfield><datafield ind1=" " ind2=" " tag="100"><subfield code="a">Arrhenius, G., Bramlette, M.N.And Picciotto, E</subfield></datafield><datafield ind1=" " ind2=" " tag="245"><subfield code="a">Localization of radioactive and stable heavy nuclides in ocean sediments</subfield></datafield><datafield ind1=" " ind2=" " tag="260"><subfield code="a">Bruxelles, Laboratoire De Physique Nucleaire, 1957 4 P. + Fotocopii</subfield></datafield><datafield ind1=" " ind2=" " tag="490"><subfield code="a">180, 85, 1957</subfield></datafield><datafield ind1=" " ind2=" " tag="852"><subfield code="a">14662</subfield></datafield></record></collection>